<collection xmlns="http://www.loc.gov/MARC21/slim"><record><leader>00713nam  2200205   450</leader><controlfield tag="001">20</controlfield><controlfield tag="003">http://montalegre.opacnet.com/OPAC/default.aspx?ContentAreaControl=ShowRegHoldings.ascx&amp;RegNo=16662</controlfield><datafield tag="095" ind1=" " ind2=" "><subfield code="a">PTBN00216790</subfield></datafield><datafield tag="100" ind1=" " ind2=" "><subfield code="a">20061013d1975    m  y0pora010305  ba</subfield></datafield><datafield tag="101" ind1="1" ind2=" "><subfield code="a">por</subfield></datafield><datafield tag="102" ind1=" " ind2=" "><subfield code="a">PT</subfield></datafield><datafield tag="200" ind1="1" ind2=" "><subfield code="a">&lt;O &gt;aniversário da infanta</subfield><subfield code="f">Oscar Fingall O'Flahertie Wills Wilde... [et al.]</subfield><subfield code="g">trad. Joaquim Martins</subfield></datafield><datafield tag="210" ind1=" " ind2=" "><subfield code="a">Lisboa</subfield><subfield code="c">Associados</subfield><subfield code="d">[D.L. 1975]</subfield></datafield><datafield tag="215" ind1=" " ind2=" "><subfield code="a">203, [4]</subfield><subfield code="d">18 cm</subfield></datafield><datafield tag="225" ind1="2" ind2=" "><subfield code="a">Livros unibolso</subfield><subfield code="v">98</subfield></datafield><datafield tag="675" ind1=" " ind2=" "><subfield code="a">821</subfield><subfield code="v">BN</subfield><subfield code="z">por</subfield></datafield><datafield tag="701" ind1=" " ind2="1"><subfield code="a">Wilde</subfield><subfield code="b">Oscar</subfield><subfield code="f">1854-1900</subfield><subfield code="4">070</subfield></datafield><datafield tag="702" ind1=" " ind2="1"><subfield code="a">Martins</subfield><subfield code="b">Joaquim</subfield><subfield code="4">730</subfield></datafield><datafield tag="801" ind1=" " ind2="0"><subfield code="a">PT</subfield><subfield code="b">Biblioteca Municipal de Montalegre</subfield><subfield code="g">RPC</subfield></datafield><datafield tag="856" ind1=" " ind2=" "><subfield code="u">locateMedia.asp?cod=20060504120821&amp;ext=jpg</subfield><subfield code="z">CAPA</subfield></datafield><datafield tag="909" ind1="&#9;" ind2=" "><subfield code="a">1</subfield></datafield><datafield tag="966" ind1=" " ind2=" "><subfield code="a">0010150</subfield><subfield code="l">BMM</subfield><subfield code="s">SCG 82-34 WIL ani 98</subfield></datafield></record></collection>